<?xml version="1.0" encoding="UTF-8"?><collection xmlns="http://www.loc.gov/MARC21/slim"><record><leader>00441nam--2200133-i-4500</leader><controlfield tag="001">000019583</controlfield><controlfield tag="002">20161230</controlfield><controlfield tag="005">20161230201033</controlfield><controlfield tag="008">060222s1000------------r-----000-0-eng-d</controlfield><datafield ind1=" " ind2=" " tag="080"><subfield code="a">539.163.03:621.039.8:620.179.1</subfield></datafield><datafield ind1=" " ind2=" " tag="100"><subfield code="a">Constant, Rene</subfield></datafield><datafield ind1=" " ind2=" " tag="245"><subfield code="a">Les radioelements.production, conditionnement aplications importants au laboratoire et dans l industrie</subfield></datafield><datafield ind1=" " ind2=" " tag="260"><subfield code="a">Bruxelles, Presses Academiques Europeennes, 1974. 486 P</subfield></datafield><datafield ind1=" " ind2=" " tag="852"><subfield code="a">42700</subfield></datafield></record></collection>